@article{MD1,
   author = {Ariane Krol et Jacques Nantel},
   title = {Pêcher le client dans une baignoire},
   journal = {Manière de voir},
   number = {133},
   year = {2014},
   pages = {21-23}
}
