%% Chapitre 1

@misc{WikipediaFR_RES,
  title = {{Wikipédia - Révélations d'Edward Snowden}},
  howpublished = {\url{http://fr.wikipedia.org/wiki/R%C3%A9v%C3%A9lations_d'Edward_Snowden}},
  %note = {Accessed: 2014-04}
}

@article{MD1,
   author = {Ariane Krol et Jacques Nantel},
   title = {Pêcher le client dans une baignoire},
   journal = {Manière de voir},
   number = {133},
   year = {2014},
   pages = {21-23}
}

@misc{AlexaTop,
  title = {{Alexa top sites}},
  howpublished = {\url{http://www.alexa.com/topsites}},
}

@misc{Obo_CNP3,
  title = {{Computer Networking : Principles, Protocols and Practice}},
  howpublished = {\url{http://inl.info.ucl.ac.be/cnp3}},
}


%% Chapitre 2

@article{Kristol:2001:HCS:502152.502153,
 author = {Kristol, David M.},
 title = {{HTTP Cookies: Standards, Privacy, and Politics}},
 journal = {ACM Trans. Internet Technol.},
 issue_date = {November 2001},
 volume = {1},
 number = {2},
 month = nov,
 year = {2001},
 issn = {1533-5399},
 pages = {151--198},
 numpages = {48},
 url = {http://doi.acm.org/10.1145/502152.502153},
 doi = {10.1145/502152.502153},
 acmid = {502153},
 publisher = {ACM},
 address = {New York, NY, USA},
 keywords = {Cookies, HTTP, World Wide Web, privacy, state management},
}

@misc{WikipediaEN_Web_cache,
  title = {{Wikipedia - Web cache}},
  howpublished = {\url{http://en.wikipedia.org/wiki/Web_cache}},
  %note = {Accessed: 2014-04}
}

@misc{W3_RFC2616_Section8,
  title = {{W3.org - RFC 2616 - Section 8 - "HTTP/1.1: Connections"}},
  howpublished = {\url{http://www.w3.org/Protocols/rfc2616/rfc2616-sec8.html}},
  %note = {Accessed: 2014-04}
}

@inproceedings{Jackson:2006:PBS:1135777.1135884,
 author = {Jackson, Collin and Bortz, Andrew and Boneh, Dan and Mitchell, John C.},
 title = {{Protecting Browser State from Web Privacy Attacks}},
 booktitle = {Proceedings of the 15th International Conference on World Wide Web},
 series = {WWW '06},
 year = {2006},
 isbn = {1-59593-323-9},
 location = {Edinburgh, Scotland},
 pages = {737--744},
 numpages = {8},
 url = {http://doi.acm.org/10.1145/1135777.1135884},
 doi = {10.1145/1135777.1135884},
 acmid = {1135884},
 publisher = {ACM},
 address = {New York, NY, USA},
 keywords = {phishing, privacy, web browser design, web spoofing},
}


% Chapitre 3

@inproceedings{Felten:2000:TAW:352600.352606,
 author = {Felten, Edward W. and Schneider, Michael A.},
 title = {{Timing Attacks on Web Privacy}},
 booktitle = {Proceedings of the 7th ACM Conference on Computer and Communications Security},
 series = {CCS '00},
 year = {2000},
 isbn = {1-58113-203-4},
 location = {Athens, Greece},
 pages = {25--32},
 numpages = {8},
 url = {http://doi.acm.org/10.1145/352600.352606},
 doi = {10.1145/352600.352606},
 acmid = {352606},
 publisher = {ACM},
 address = {New York, NY, USA},
}
